<record><leader>00000cas a22000007a 4500</leader><controlfield tag="001">10079671</controlfield><controlfield tag="008">831101d19831989iaucr ne      0   a0eng d</controlfield><datafield ind1=" " ind2=" " tag="010"><subfield code="a">sn 83003344 </subfield></datafield><datafield ind1=" " ind2=" " tag="040"><subfield code="a">NSD</subfield><subfield code="b">eng</subfield><subfield code="c">NSD</subfield><subfield code="d">INP</subfield><subfield code="d">OCLCQ</subfield></datafield><datafield ind1=" " ind2=" " tag="012"><subfield code="k">1</subfield><subfield code="m">1</subfield></datafield><datafield ind1="1" ind2=" " tag="022"><subfield code="a">0746-4959</subfield><subfield code="l">0746-4959</subfield><subfield code="2">1</subfield></datafield><datafield ind1=" " ind2=" " tag="032"><subfield code="a">705650</subfield><subfield code="b">USPS</subfield></datafield><datafield ind1=" " ind2=" " tag="037"><subfield code="b">Carroll Today, 526 N. Carroll, Carroll, IA 51401</subfield></datafield><datafield ind1=" " ind2=" " tag="042"><subfield code="a">nsdp</subfield></datafield><datafield ind1=" " ind2="0" tag="222"><subfield code="a">Carroll today</subfield></datafield><datafield ind1="0" ind2="0" tag="245"><subfield code="a">Carroll today.</subfield></datafield><datafield ind1="1" ind2="3" tag="246"><subfield code="a">Today news extra</subfield></datafield><datafield ind1="3" ind2="0" tag="246"><subfield code="a">Today news</subfield></datafield><datafield ind1=" " ind2=" " tag="260"><subfield code="a">Carroll, IA :</subfield><subfield code="b">Carroll Communications,</subfield><subfield code="c">-1989.</subfield></datafield><datafield ind1=" " ind2=" " tag="300"><subfield code="a">v. :</subfield><subfield code="b">ill.</subfield></datafield><datafield ind1=" " ind2=" " tag="310"><subfield code="a">Semiweekly,</subfield><subfield code="b">&lt;Jan. 7, 1987&gt;-Feb. 8, 1989</subfield></datafield><datafield ind1=" " ind2=" " tag="321"><subfield code="a">Weekly,</subfield><subfield code="b">&lt;Aug. 16, 1983-&gt;</subfield></datafield><datafield ind1="1" ind2=" " tag="362"><subfield code="a">Began Aug. 9, 1983.</subfield></datafield><datafield ind1="0" ind2=" " tag="362"><subfield code="a">-v. 8, no. 11 (Feb. 8, 1989).</subfield></datafield><datafield ind1=" " ind2=" " tag="500"><subfield code="a">Published on Wednesday and Saturday.</subfield></datafield><datafield ind1=" " ind2=" " tag="500"><subfield code="a">Wednesday ed. called: Today news extra, Jan. 25-Feb. 8, 1989.</subfield></datafield><datafield ind1=" " ind2=" " tag="588"><subfield code="a">Description based on: Vol. 1, no. 2 (Aug. 16, 1983).</subfield></datafield><datafield ind1=" " ind2=" " tag="588"><subfield code="a">Latest issue consulted: Vol. 5, no. 1 (Wednesday, Jan. 7, 1987).</subfield></datafield><datafield ind1=" " ind2=" " tag="752"><subfield code="a">United States</subfield><subfield code="b">Iowa</subfield><subfield code="c">Carroll</subfield><subfield code="d">Carroll.</subfield></datafield><datafield ind1="0" ind2="0" tag="785"><subfield code="t">Carroll today news</subfield><subfield code="w">(DLC)sn 89057011</subfield></datafield></record>